<record><leader>00000cas a2200000 a 4500</leader><controlfield tag="001">11663603</controlfield><controlfield tag="008">850206d19011931ksuwr ne      0   a0eng d</controlfield><datafield ind1=" " ind2=" " tag="010"><subfield code="a">sn 85029040 </subfield></datafield><datafield ind1=" " ind2=" " tag="040"><subfield code="a">KSH</subfield><subfield code="b">eng</subfield><subfield code="c">KSH</subfield><subfield code="d">NPT</subfield><subfield code="d">OCL</subfield><subfield code="d">OCLCQ</subfield></datafield><datafield ind1=" " ind2=" " tag="042"><subfield code="a">msc</subfield></datafield><datafield ind1="0" ind2=" " tag="130"><subfield code="a">Holton signal (Holton, Kan. : 1901)</subfield></datafield><datafield ind1="1" ind2="4" tag="245"><subfield code="a">The Holton signal.</subfield></datafield><datafield ind1=" " ind2=" " tag="260"><subfield code="a">Holton, Kan. :</subfield><subfield code="b">Thos. A. Fairchild,</subfield><subfield code="c">1901-1931.</subfield></datafield><datafield ind1=" " ind2=" " tag="300"><subfield code="a">30 v. :</subfield><subfield code="b">ill. ;</subfield><subfield code="c">55-60 cm.</subfield></datafield><datafield ind1=" " ind2=" " tag="310"><subfield code="a">Weekly</subfield></datafield><datafield ind1="0" ind2=" " tag="362"><subfield code="a">Vol. 24, no. 37 (Sept. 4, 1901)-v. 54, no. 27 (July 2, 1931).</subfield></datafield><datafield ind1=" " ind2=" " tag="500"><subfield code="a">Publisher varies.</subfield></datafield><datafield ind1=" " ind2=" " tag="500"><subfield code="a">"Democratic." Cf. Ayer, 1903.</subfield></datafield><datafield ind1=" " ind2=" " tag="525"><subfield code="a">Includes supplements.</subfield></datafield><datafield ind1=" " ind2=" " tag="752"><subfield code="a">United States</subfield><subfield code="b">Kansas</subfield><subfield code="c">Jackson</subfield><subfield code="d">Holton.</subfield></datafield><datafield ind1="0" ind2="0" tag="780"><subfield code="t">Holton weekly signal</subfield><subfield code="w">(DLC)sn 85029039</subfield></datafield><datafield ind1="0" ind2="5" tag="780"><subfield code="t">Denison news (Denison, Kan. : 1909)</subfield><subfield code="g">Aug. 25, 1910</subfield><subfield code="w">(DLC)sn 85029013</subfield></datafield><datafield ind1="0" ind2="5" tag="780"><subfield code="t">Mayetta herald</subfield><subfield code="g">Jan. 28, 1920</subfield><subfield code="w">(DLC)sn 85029019</subfield></datafield><datafield ind1="0" ind2="5" tag="780"><subfield code="t">Whiting journal</subfield><subfield code="g">Apr. 24, 1925</subfield><subfield code="w">(DLC)sn 85029052</subfield></datafield><datafield ind1="0" ind2="0" tag="785"><subfield code="t">Jackson County signal</subfield><subfield code="w">(DLC)sn 85029041</subfield></datafield></record>